<record><leader>00000cas a22000007a 4500</leader><controlfield tag="001">18616313</controlfield><controlfield tag="008">881017d19731981nduwr ne      0    0eng d</controlfield><datafield ind1=" " ind2=" " tag="010"><subfield code="a">sn 88076681 </subfield></datafield><datafield ind1=" " ind2=" " tag="040"><subfield code="a">NOP</subfield><subfield code="b">eng</subfield><subfield code="c">NOP</subfield><subfield code="d">OCLCQ</subfield></datafield><datafield ind1=" " ind2=" " tag="042"><subfield code="a">msc</subfield></datafield><datafield ind1="0" ind2=" " tag="130"><subfield code="a">Westhope standard (Westhope, N.D. : 1973)</subfield></datafield><datafield ind1="1" ind2="0" tag="245"><subfield code="a">Westhope standard.</subfield></datafield><datafield ind1=" " ind2=" " tag="260"><subfield code="a">Westhope, N.D. :</subfield><subfield code="b">Mack L. George</subfield></datafield><datafield ind1=" " ind2=" " tag="300"><subfield code="a">10 v. :</subfield><subfield code="b">ill. ;</subfield><subfield code="c">43-58 cm.</subfield></datafield><datafield ind1=" " ind2=" " tag="310"><subfield code="a">Weekly</subfield></datafield><datafield ind1="0" ind2=" " tag="362"><subfield code="a">Vol. 73, no. 15 (Mar. 8, 1973)-v. 82, no. 3 (Dec. 2, 1981).</subfield></datafield><datafield ind1=" " ind2=" " tag="530"><subfield code="a">Available on microfilm from the State Historical Society of North Dakota.</subfield></datafield><datafield ind1=" " ind2=" " tag="752"><subfield code="a">United States</subfield><subfield code="b">North Dakota</subfield><subfield code="c">Bottineau</subfield><subfield code="d">Westhope.</subfield></datafield><datafield ind1=" " ind2=" " tag="752"><subfield code="a">United States</subfield><subfield code="b">North Dakota</subfield><subfield code="c">Bottineau</subfield><subfield code="d">Antler.</subfield></datafield><datafield ind1=" " ind2=" " tag="752"><subfield code="a">United States</subfield><subfield code="b">North Dakota</subfield><subfield code="c">Bottineau</subfield><subfield code="d">Maxbass.</subfield></datafield><datafield ind1="0" ind2="0" tag="780"><subfield code="t">Standard (Westhope, N.D. : 1971)</subfield><subfield code="w">(DLC)sn 88076680</subfield></datafield><datafield ind1="0" ind2="0" tag="785"><subfield code="t">Standard (Westhope, N.D. : 1981)</subfield><subfield code="w">(DLC)sn 88076682</subfield></datafield></record>